@misc{top500list,
  title     = {Top500},
  howpublished = {\url{https://www.top500.org/}},
  note = {Accessed: 2016-10-05},
  key = {Top500}
}
@misc{green500list,
	title     = {Green500},
	howpublished = {\url{https://www.top500.org/green500/}},
	note = {Accessed: 2016-10-05},
	key = {Green500}
}

@article{hoefler2010software,
	title={Software and hardware techniques for power-efficient hpc networking},
	author={Hoefler, Torsten},
	journal={Computing in Science \& Engineering},
	volume={12},
	number={6},
	pages={30--37},
	year={2010},
	publisher={AIP Publishing}
}

@article{Rodiger2015HQ,
	author = {R\"{o}diger, Wolf and M\"{u}hlbauer, Tobias and Kemper, Alfons and Neumann, Thomas},
	title = {High-speed Query Processing over High-speed Networks},
	journal = {Proc. VLDB Endow.},
	issue_date = {December 2015},
	volume = {9(4)},
	month = dec,
	year = {2015},
	issn = {2150-8097},
	pages = {228--239},
	numpages = {12},
	url = {http://dx.doi.org/10.14778/2856318.2856319},
	doi = {10.14778/2856318.2856319},
	acmid = {2856319},
	publisher = {VLDB Endowment},
}

@inproceedings{abts2010energy,
	title={Energy proportional datacenter networks},
	author={Abts, Dennis and Marty, Michael R and Wells, Philip M and Klausler, Peter and Liu, Hong},
	booktitle={ACM SIGARCH Computer Architecture News},
	volume={38(3)},
	pages={338--347},
	year={2010},
	organization={ACM}
}