@article{idatacool,
  author    = {Nils Meyer and
               Manfred Ries and
               Stefan Solbrig and
               Tilo Wettig},
  title     = {{iDataCool}: {HPC} with Hot-Water Cooling and Energy Reuse},
  journal   = {CoRR},
  volume    = {abs/1309.4887},
  year      = {2013},
  url       = {http://arxiv.org/abs/1309.4887},
  timestamp = {Wed, 16 Oct 2013 16:43:12 +0200},
  biburl    = {http://dblp.uni-trier.de/rec/bib/journals/corr/MeyerRSW13},
  bibsource = {dblp computer science bibliography, http://dblp.org}
}