@misc{emsys,
  author = {Bernd Finkbeiner},
  title = {Lecture: Embedded Systems},
  year = {2016},
  note = {Saarland University}
}

@online {www:i2c:spec,
	author = {NXP Semiconductors},
	title = {I2C-Bus Specification and User Manual},
	url = {http://www.nxp.com/documents/user_manual/UM10204.pdf}
}

@online {www:spi:spec,
	author = {Freescale Semiconductor},
	title = {SPI Block Guide v04.01},
	url = {http://www.nxp.com/files/microcontrollers/doc/ref_manual/S12SPIV4.pdf}
}

@online {www:i2c_tmp100,
	author = {Dcube Tech Ventures},
	title = {Arduino Nano - TMP100 Temperature Sensor Tutorial},
	url = {http://www.instructables.com/id/Arduino-Nano-TMP100-Temperature-Sensor-Tutorial/}
}

